@inproceedings{fergus2009semi,
  title={Semi-supervised learning in gigantic image collections},
  author={Fergus, Rob and Weiss, Yair and Torralba, Antonio},
  booktitle={Advances in neural information processing systems},
  pages={522--530},
  year={2009}
}

@article{andoni2015optimal,
  title={Optimal Data-Dependent Hashing for Approximate Near Neighbors},
  author={Andoni, Alexandr and Razenshteyn, Ilya},
  journal={arXiv preprint arXiv:1501.01062},
  year={2015}
}

@inproceedings{andoni2014beyond,
  title={Beyond locality-sensitive hashing},
  author={Andoni, Alexandr and Indyk, Piotr and Nguyen, Huy L and Razenshteyn, Ilya},
  booktitle={Proceedings of the Twenty-Fifth Annual ACM-SIAM Symposium on Discrete Algorithms},
  pages={1018--1028},
  year={2014},
  organization={SIAM}
}